@article{cribari2009beta,
  title={Beta regression in R},
  author={Cribari-Neto, Francisco and Zeileis, Achim},
  year={2009},
  publisher={Department of Statistics and Mathematics x, WU Vienna University of Economics and Business}
}

@article{costa2017bayesian,
  title={Bayesian truncated beta nonlinear mixed-effects models},
  author={Costa Mota Para{\'\i}ba, Carolina and Bochkina, Natalia and Diniz, Carlos Alberto Ribeiro},
  journal={Journal of Applied Statistics},
  pages={1--27},
  year={2017},
  publisher={Taylor \& Francis}
}

@article{vehtari2016practical,
  title={Practical Bayesian model evaluation using leave-one-out cross-validation and WAIC},
  author={Vehtari, Aki and Gelman, Andrew and Gabry, Jonah},
  journal={Statistics and Computing},
  pages={1--20},
  year={2016},
  publisher={Springer}
}

@Manual{loo,
    title = {loo: Efficient leave-one-out cross-validation and WAIC for
      Bayesian models},
    author = {Aki Vehtari and Andrew Gelman and Jonah Gabry},
    year = {2016},
    note = {R package version 1.0.0},
    url = {https://github.com/stan-dev/loo},
  }
